<record><leader>00000cas a22000007a 4500</leader><controlfield tag="001">12888367</controlfield><controlfield tag="008">851210d19291943iauwr ne      0    0eng d</controlfield><datafield ind1=" " ind2=" " tag="010"><subfield code="a">sn 85049860 </subfield></datafield><datafield ind1=" " ind2=" " tag="040"><subfield code="a">INP</subfield><subfield code="b">eng</subfield><subfield code="c">INP</subfield><subfield code="d">OCLCQ</subfield></datafield><datafield ind1=" " ind2=" " tag="042"><subfield code="a">msc</subfield></datafield><datafield ind1="0" ind2=" " tag="130"><subfield code="a">Harrison County herald (Logan, Iowa)</subfield></datafield><datafield ind1="1" ind2="0" tag="245"><subfield code="a">Harrison County herald.</subfield></datafield><datafield ind1=" " ind2=" " tag="260"><subfield code="a">Logan, Iowa :</subfield><subfield code="b">C.C. Charles,</subfield><subfield code="c">1929-1943.</subfield></datafield><datafield ind1=" " ind2=" " tag="300"><subfield code="a">28 v. :</subfield><subfield code="b">ill.</subfield></datafield><datafield ind1=" " ind2=" " tag="310"><subfield code="a">Weekly</subfield></datafield><datafield ind1="0" ind2=" " tag="362"><subfield code="a">Vol. 15, no. 17 (Apr. 25, 1929)-v. 42, no. 34 (Aug. 26, 1943).</subfield></datafield><datafield ind1=" " ind2=" " tag="500"><subfield code="a">Publisher varies.</subfield></datafield><datafield ind1=" " ind2=" " tag="500"><subfield code="a">Original editor: C.C. Charles.</subfield></datafield><datafield ind1=" " ind2=" " tag="752"><subfield code="a">United States</subfield><subfield code="b">Iowa</subfield><subfield code="c">Harrison</subfield><subfield code="d">Logan.</subfield></datafield><datafield ind1="0" ind2="0" tag="780"><subfield code="t">Harrison County Democrat (Logan, Iowa : 1914)</subfield><subfield code="w">(DLC)sn 85049859</subfield></datafield><datafield ind1="0" ind2="7" tag="785"><subfield code="t">Logan observer</subfield><subfield code="w">(DLC)sn 87057841</subfield></datafield><datafield ind1="0" ind2="7" tag="785"><subfield code="t">Logan herald-observer</subfield><subfield code="w">(DLC)sn 85049861</subfield></datafield><datafield ind1="1" ind2=" " tag="029"><subfield code="a">AU@</subfield><subfield code="b">000025785773</subfield></datafield></record>